@BOOK {livroAula,
    author    = "Ivan Nunes da Silva",
    title     = "Redes Neurais Artificiais Para Engenharia e Ciências Aplicadas",
    publisher = "Artiliber",
    year      = "2010",
    edition   = "first"
}
@BOOK {livro2,
    author    = "S. Haykin",
    title     = "Neural Networks - a comprehensive foundation",
    publisher = "Prentice Hall",
    year      = "1999",
    edition   = "second"
}
@ARTICLE {artigo,
    author  = "André Ricardo Gonçalves",
    title   = "Inteligência de Enxames",
    journal = "IEEE Congress on Evolutionary Computation",
    year    = "2013"
}
@URL {site,
    author = "Xiaohui Hu",
    year   = "2006",
    series = "http://www.swarmintelligence.org/"
}